
@manual{jwimit,
    author = {Arnaud Roques},
    title = {PlantUML Language Reference Guide},
    date = {September 1, 2019},
    language = {English},
    version = {Version 1.2019.9},
    organization = {plantuml},
    pagetotal = {175},
    pubstate = {September 1, 2019},
}

@online{knuthwebsite,
    author = "ZACHARY CROCKETT",
    title = "Kickstarter: A data analysis",
    url  = "https://thehustle.co/archive/02102019d/",
    addendum = "(accessed: March 16, 2020)",
    keywords = "kickstarter,data analysis"
}

@article{article,
    author = {Belleflamme, Paul and Omrani, Nessrine and Peitz, Martin},
    year = {2015},
    month = {03},
    pages = {},
    title = {The Economics of Crowdfunding Platforms},
    volume = {33},
    journal = {Center for Operation Research and Econometrics},
    doi = {10.1016/j.infoecopol.2015.08.003}
}

@inproceedings{gerber2012crowdfunding,
    title={Crowdfunding: Why people are motivated to post and fund projects on crowdfunding platforms},
    author={Gerber, Elizabeth M and Hui, Julie S and Kuo, Pei-Yi and others},
    booktitle={Proceedings of the international workshop on design, influence, and social technologies: techniques, impacts and ethics},
    volume={2},
    number={11},
    pages={10},
    year={2012},
    organization={Northwestern University Evanston, IL}
}

@inproceedings{Ryan2011FightingFF,
    title={Fighting for Funds: An Exploratory Study into the Field of Crowdfunding},
    author={Jessica Ryan and Ralph Pieter Van Wingerden},
    year={2011}
}

@book{unhelkar2017software,
  title={Software Engineering with UML},
  author={Unhelkar, B.},
  isbn={9781351235167},
  url={https://books.google.co.ma/books?id=LQZDDwAAQBAJ},
  year={2017},
  publisher={CRC Press}
}
