% Author: Taha Bouhsine

%%%%%%%%%%%%%%%%%%%%%%%%%%%%%%%%%%%%%%%%%%%%%%%%%%%%%%%%%%%%%%%%%%%%%%%%%%%
% You will put your bibliography in this file, use "online" for web
%%%%%%%%%%%%%%%%%%%%%%%%%%%%%%%%%%%%%%%%%%%%%%%%%%%%%%%%%%%%%%%%%%%%%%%%%%%

@online{web001,
  title = {Latex @ Wikipedia},
  url = {https://en.wikipedia.org/wiki/LaTeX},
  urldate = {04/2016}
}
@online{web002,
  title = {FSA},
  url = {http://www.fsa.ac.ma/},
  urldate = {03/2020}
}

%%%%%%%%%%%%%%%%%%%%%%%%%%%%%%%%%%%%%%%%%%%%%%%%%%%%%%%%%%%%%%%%%%%%%%%%%%%%%%%%%%%%%%%%%%%%%%%%%%%%%%%%%%%

% Optional fields: volume/number, series, address, edition, month, note
@book{bazerman1988shaping,
  title={Shaping written knowledge: The genre and activity of the experimental article in science},
  author={Bazerman, Charles and others},
  volume={356},
  year={1988},
  publisher={University of Wisconsin Press Madison}
}
@inproceedings{aboulnaga2001estimating,
  title={Estimating the selectivity of XML path expressions for internet scale applications},
  author={Aboulnaga, Ashraf and Alameldeen, Alaa R and Naughton, Jeffrey F},
  booktitle={VLDB},
  volume={1},
  pages={591--600},
  year={2001}
}
@article{singh1989review,
  title={Review article digital change detection techniques using remotely-sensed data},
  author={Singh, Ashbindu},
  journal={International journal of remote sensing},
  volume={10},
  number={6},
  pages={989--1003},
  year={1989},
  publisher={Taylor \& Francis}
}